@article{bizer2009linked,
  title={Linked data-the story so far},
  author={Bizer, C. and Heath, T. and Berners-Lee, T.},
  journal={International Journal on Semantic Web and Information Systems (IJSWIS)},
  volume={5},
  number={3},
  pages={1--22},
  year={2009},
  publisher={IGI Global}
}

@inproceedings{hu2011self,
  title={A self-training approach for resolving object coreference on the semantic web},
  author={Hu, W. and Chen, J. and Qu, Y.},
  booktitle={Proceedings of the 20th international conference on World wide web},
  pages={87--96},
  year={2011},
  organization={ACM}
}

@inproceedings{winkler1999state,
  title={The state of record linkage and current research problems},
  author={Winkler, W.E.},
  booktitle={Statistical Research Division, US Census Bureau},
  year={1999},
  organization={Citeseer}
}

@inproceedings{winkler2006overview,
  title={Overview of record linkage and current research directions},
  author={Winkler, W.E.},
  booktitle={Bureau of the Census},
  year={2006},
  organization={Citeseer}
}

@article{elmagarmid2007duplicate,
  title={Duplicate record detection: A survey},
  author={Elmagarmid, A.K. and Ipeirotis, P.G. and Verykios, V.S.},
  journal={Knowledge and Data Engineering, IEEE Transactions on},
  volume={19},
  number={1},
  pages={1--16},
  year={2007},
  publisher={IEEE}
}

@inproceedings{cohen1998integration,
  title={Integration of heterogeneous databases without common domains using queries based on textual similarity},
  author={Cohen, W.W.},
  booktitle={ACM SIGMOD Record},
  volume={27},
  number={2},
  pages={201--212},
  year={1998},
  organization={ACM}
}

@article{bilenko2003adaptive,
  title={Adaptive name matching in information integration},
  author={Bilenko, M. and Mooney, R. and Cohen, W. and Ravikumar, P. and Fienberg, S.},
  journal={Intelligent Systems, IEEE},
  volume={18},
  number={5},
  pages={16--23},
  year={2003},
  publisher={IEEE}
}

@article{bansal2004correlation,
  title={Correlation clustering},
  author={Bansal, N. and Blum, A. and Chawla, S.},
  journal={Machine Learning},
  volume={56},
  number={1},
  pages={89--113},
  year={2004},
  publisher={Springer}
}

@inproceedings{pasula2002identity,
  title={Identity uncertainty and citation matching},
  author={Pasula, H. and Marthi, B. and Milch, B. and Russell, S. and Shpitser, I.},
  booktitle={Proceedings of NIPS 2002},
  year={2002}
}

@article{volz2009discovering,
  title={Discovering and maintaining links on the web of data},
  author={Volz, J. and Bizer, C. and Gaedke, M. and Kobilarov, G.},
  journal={The Semantic Web-ISWC 2009},
  pages={650--665},
  year={2009},
  publisher={Springer}
}

@inproceedings{sleeman2010machine,
  title={A Machine Learning Approach to Linking FOAF Instances},
  author={Sleeman, J. and Finin, T.},
  booktitle={Spring Symposium on Linked Data Meets AI. AAAI (January 2010)},
  year={2010}
}

@inproceedings{sleeman2010computing,
  title={Computing foaf co-reference relations with rules and machine learning},
  author={Sleeman, J. and Finin, T.},
  booktitle={Proceedings of the Third International Workshop on Social Data on the Web},
  year={2010}
}

@inproceedings{hogan2010some,
  title={Some entities are more equal than others: statistical methods to consolidate Linked Data},
  author={Hogan, A. and Polleres, A. and Umbrich, J. and Zimmermann, A.},
  booktitle={4th International Workshop on New Forms of Reasoning for the Semantic Web: Scalable and Dynamic (NeFoRS2010)},
  year={2010}
}

@inproceedings{raimond2008automatic,
  title={Automatic interlinking of music datasets on the semantic web},
  author={Raimond, Y. and Sutton, C. and Sandler, M.},
  booktitle={Proceedings of the 1st Workshop about Linked Data on the Web},
  year={2008},
  organization={Citeseer}
}

@article{ngomo2011raven,
  title={RAVEN--Active Learning of Link Specifications},
  author={Ngomo, A.C.N. and Lehmann, J. and Auer, S. and H{\"o}ffner, K.},
  journal={Ontology Matching},
  pages={25},
  year={2011}
}

@article{rahm2001survey,
  title={A survey of approaches to automatic schema matching},
  author={Rahm, E. and Bernstein, P.A.},
  journal={the VLDB Journal},
  volume={10},
  number={4},
  pages={334--350},
  year={2001},
  publisher={Springer}
}

@article{li2009rimom,
  title={RiMOM: A dynamic multistrategy ontology alignment framework},
  author={Li, J. and Tang, J. and Li, Y. and Luo, Q.},
  journal={Knowledge and Data Engineering, IEEE Transactions on},
  volume={21},
  number={8},
  pages={1218--1232},
  year={2009},
  publisher={IEEE}
}

@misc{isele2011efficient,
  title={Efficient Multidimensional Blocking for Link Discovery without losing Recall},
  author={Isele, R. and Jentzsch, A. and Bizer, C.},
  year={2011},
  publisher={June}
}

@inproceedings{ngomo2011limes,
  title={Limes-a time-efficient approach for large-scale link discovery on the web of data},
  author={Ngomo, A.C.N. and Auer, S.},
  booktitle={Proceedings of IJCAI},
  year={2011}
}

@article{song2011automatically,
  title={Automatically generating data linkages using a domain-independent candidate selection approach},
  author={Song, D. and Heflin, J.},
  journal={The Semantic Web--ISWC 2011},
  pages={649--664},
  year={2011},
  publisher={Springer}
}

@article{pan2010survey,
  title={A survey on transfer learning},
  author={Pan, S.J. and Yang, Q.},
  journal={Knowledge and Data Engineering, IEEE Transactions on},
  volume={22},
  number={10},
  pages={1345--1359},
  year={2010},
  publisher={IEEE}
}

@article{cochinwala2001efficient,
  title={Efficient data reconciliation},
  author={Cochinwala, M. and Kurien, V. and Lalk, G. and Shasha, D.},
  journal={Information Sciences},
  volume={137},
  number={1},
  pages={1--15},
  year={2001},
  publisher={Elsevier}
}

@inproceedings{guha2004merging,
  title={Merging the results of approximate match operations},
  author={Guha, S. and Koudas, N. and Marathe, A. and Srivastava, D.},
  booktitle={Proceedings of the Thirtieth international conference on Very large data bases-Volume 30},
  pages={636--647},
  year={2004},
  organization={VLDB Endowment}
}

@inproceedings{ananthakrishna2002eliminating,
  title={Eliminating fuzzy duplicates in data warehouses},
  author={Ananthakrishna, R. and Chaudhuri, S. and Ganti, V.},
  booktitle={Proceedings of the 28th international conference on Very Large Data Bases},
  pages={586--597},
  year={2002},
  organization={VLDB Endowment}
}

@article{hogan2007performing,
  title={Performing object consolidation on the semantic web data graph},
  author={Hogan, A. and Harth, A. and Decker, S.},
  year={2007}
}

@article{niu2011zhishi,
  title={Zhishi. links Results for OAEI 2011},
  author={Niu, X. and Rong, S. and Zhang, Y. and Wang, H.},
  journal={Ontology Matching},
  pages={220},
  year={2011}
}

@inproceedings{freund1995desicion,
  title={A desicion-theoretic generalization of on-line learning and an application to boosting},
  author={Freund, Y. and Schapire, R.},
  booktitle={Computational learning theory},
  pages={23--37},
  year={1995},
  organization={Springer}
}

@inproceedings{eaton2011selective,
  title={Selective transfer between learning tasks using task-based boosting},
  author={Eaton, E. and desJardins, M. and others},
  booktitle={Twenty-Fifth AAAI Conference on Artificial Intelligence},
  year={2011}
}

@article{wang2010rimom,
  title={RiMOM results for OAEI 2010},
  author={Wang, Z. and Zhang, X. and Hou, L. and Zhao, Y. and Li, J. and Qi, Y. and Tang, J.},
  journal={Ontology Matching},
  volume={195},
  year={2010}
}

@article{hu2010objectcoref,
  title={ObjectCoref \& Falcon-AO: results for OAEI 2010},
  author={Hu, W. and Chen, J. and Cheng, G. and Qu, Y.},
  journal={Ontology Matching},
  pages={158},
  year={2010}
}

@article{breiman2001random,
  title={Random forests},
  author={Breiman, L.},
  journal={Machine learning},
  volume={45},
  number={1},
  pages={5--32},
  year={2001},
  publisher={Springer}
}

@article{ell2011labels,
  title={Labels in the Web of Data},
  author={Ell, B. and Vrande{\v{c}}i{\'c}, D. and Simperl, E.},
  journal={The Semantic Web--ISWC 2011},
  pages={162--176},
  year={2011},
  publisher={Springer}
}

@inproceedings{dai2007boosting,
  title={Boosting for transfer learning},
  author={Dai, W. and Yang, Q. and Xue, G.R. and Yu, Y.},
  booktitle={Proceedings of the 24th international conference on Machine learning},
  pages={193--200},
  year={2007},
  organization={ACM}
}

@article{loh2008classification,
  title={Classification and regression tree methods},
  author={Loh, W.Y.},
  journal={Encyclopedia of statistics in quality and reliability},
  year={2008},
  publisher={Wiley Online Library}
}
